@inproceedings{hudak-hist,
 author = {Hudak, Paul and Hughes, John and Peyton Jones, Simon and Wadler, Philip},
 title = {A history of Haskell: being lazy with class},
 booktitle = {Proceedings of the third ACM SIGPLAN conference on History of programming languages},
 series = {HOPL III},
 year = {2007},
 isbn = {978-1-59593-766-7},
 location = {San Diego, California},
 pages = {12-1--12-55},
 url = {http://doi.acm.org/10.1145/1238844.1238856},
 doi = {10.1145/1238844.1238856},
 acmid = {1238856},
 publisher = {ACM},
 address = {New York, NY, USA},
}

@inproceedings{haskell-awkward-squad,
    author = {Simon Peyton Jones},
    title = {Tackling the Awkward Squad: monadic input/output, concurrency, exceptions, and foreign-language calls in Haskell},
    booktitle = {Engineering theories of software construction},
    year = {2002},
    pages = {47--96},
    publisher = {Press}
}

@article{hudak-con,
 author = {Hudak, Paul},
 title = {Conception, evolution, and application of functional programming languages},
 journal = {ACM Comput. Surv.},
 issue_date = {Sep. 1989},
 volume = {21},
 number = {3},
 month = sep,
 year = {1989},
 issn = {0360-0300},
 pages = {359--411},
 numpages = {53},
 url = {http://doi.acm.org/10.1145/72551.72554},
 doi = {10.1145/72551.72554},
 acmid = {72554},
 publisher = {ACM},
 address = {New York, NY, USA},
} 

@misc{learnyouahaskell,
    author = {Lipova\v{c}a, Miran},
    howpublished = {http://learnyouahaskell.com/},
    title = {Learn You a Haskell for Great Good!},
    year = 2011,
    note = {Accessed: 2013-03-22}
}

@misc{haskell-wiki,
    title = {The Haskell Programming Language},
    howpublished = {http://www.haskell.org/haskellwiki/Haskell},
    note = {Accessed: 2013-04-02}
}

@misc{haskell-implicit-params,
    title = {Other Type System Extensions},
    howpublished = {http://www.haskell.org/ghc/docs/latest/html/users\_guide/other-type-extensions.html\#implicit-parameters},
    note = {Accessed: 2013-04-13}
}

@misc{haskell-scope,
    title = {CSE 341 -- Static and Dynamic Scoping},
    howpublished = {http://www.cs.washington.edu/education/courses/cse341/03wi/imperative/scoping.html},
    note = {Accessed: 2013-04-05}
}

@misc{haskell-concurr,
    title = {Haskell for Multicores},
    howpublished = {http://www.haskell.org/haskellwiki/Haskell\_for\_multicores},
    note = {Accessed: 2013-04-12}
}

@misc{par-funk,
    author = {Ryan Newton},
    title = {ParFunk},
    howpublished = {http://parfunk.blogspot.co.at/2012/05/how-to-write-hybrid-cpugpu-programs.html},
    note = {Accessed: 2013-04-12}
}

@misc{haskell-th,
    title = {Template Haskell},
    howpublished = {http://www.haskell.org/haskellwiki/Template\_Haskell},
    note = {Accessed: 2013-04-15}
}

@misc{haskell-syb,
    title = {Scrap Your Boilerplate},
    howpublished = {http://www.haskell.org/haskellwiki/Scrap\_your\_boilerplate},
    note = {Accessed: 2013-04-15}
}

@misc{haskell-tail-recur,
    title = {Tail Recursion},
    howpublished = {http://www.haskell.org/haskellwiki/Tail\_recursion},
    note = {Accessed: 2013-04-09}
}
